@article{mclean_1980,
   author = {McLean, A. D. and Chandler, G. S.},
   title = {Contracted Gaussian basis sets for molecular calculations. I. Second row atoms, Z=11–18},
   journal = {The Journal of Chemical Physics},
   volume = {72},
   number = {10},
   pages = {5639-5648},
   year = {1980},
   type = {Journal Article}
}

@article{zhao_2008,
   author = {Zhao, Yan and Truhlar, Donald G.},
   title = {The M06 suite of density functionals for main group thermochemistry, thermochemical kinetics, noncovalent interactions, excited states, and transition elements: two new functionals and systematic testing of four M06-class functionals and 12 other functionals},
   journal = {Theoretical Chemistry Accounts},
   volume = {120},
   number = {1},
   pages = {215-241},
   year = {2008},
   type = {Journal Article}
}

@misc{g09,
author={M. J. Frisch and G. W. Trucks and H. B. Schlegel and G. E. Scuseria and M. A. Robb and J. R. Cheeseman and G. Scalmani and V. Barone and G. A. Petersson and H. Nakatsuji and X. Li and M. Caricato and A. V. Marenich and J. Bloino and B. G. Janesko and R. Gomperts and B. Mennucci and H. P. Hratchian and J. V. Ortiz and A. F. Izmaylov and J. L. Sonnenberg and D. Williams-Young and F. Ding and F. Lipparini and F. Egidi and J. Goings and B. Peng and A. Petrone and T. Henderson and D. Ranasinghe and V. G. Zakrzewski and J. Gao and N. Rega and G. Zheng and W. Liang and M. Hada and M. Ehara and K. Toyota and R. Fukuda and J. Hasegawa and M. Ishida and T. Nakajima and Y. Honda and O. Kitao and H. Nakai and T. Vreven and K. Throssell and Montgomery, {Jr.}, J. A. and J. E. Peralta and F. Ogliaro and M. J. Bearpark and J. J. Heyd and E. N. Brothers and K. N. Kudin and V. N. Staroverov and T. A. Keith and R. Kobayashi and J. Normand and K. Raghavachari and A. P. Rendell and J. C. Burant and S. S. Iyengar and J. Tomasi and M. Cossi and J. M. Millam and M. Klene and C. Adamo and R. Cammi and J. W. Ochterski and R. L. Martin and K. Morokuma and O. Farkas and J. B. Foresman and D. J. Fox},
title={Gaussian˜09 {R}evision {E}.01},
year={2013},
note={Gaussian Inc. Wallingford CT}
}

@article{deshmukh2016conformational,
  title={Conformational and structural changes with increasing methylene segment length in aromatic--aliphatic polyamides},
  author={Deshmukh, Yogesh S and Wilsens, Carolus HRM and Verhoef, Rene and Hansen, Michael Ryan and Dudenko, Dmytro and Graf, Robert and Klop, Enno A and Rastogi, Sanjay},
  journal={Macromolecules},
  volume={49},
  number={3},
  pages={950--962},
  year={2016},
  publisher={ACS Publications}
}

@article{northolt1974x,
  title={X-ray diffraction study of poly (p-phenylene terephthalamide) fibres},
  author={Northolt, MG},
  journal={European Polymer Journal},
  volume={10},
  number={9},
  pages={799--804},
  year={1974},
  publisher={Elsevier}
}

@article{mercer2017molecular,
  title={Molecular dynamics modeling of PPTA crystallite mechanical properties in the presence of defects},
  author={Mercer, Brian and Zywicz, Edward and Papadopoulos, Panayiotis},
  journal={Polymer},
  volume={114},
  pages={329--347},
  year={2017},
  publisher={Elsevier}
}

@article{plimpton1995fast,
  title={Fast parallel algorithms for short-range molecular dynamics},
  author={Plimpton, Steve},
  journal={Journal of computational physics},
  volume={117},
  number={1},
  pages={1--19},
  year={1995},
  publisher={Elsevier}
}

@article{mattsson2010first,
  title={First-principles and classical molecular dynamics simulation of shocked polymers},
  author={Mattsson, Thomas R and Lane, J Matthew D and Cochrane, Kyle R and Desjarlais, Michael P and Thompson, Aidan P and Pierce, Flint and Grest, Gary S},
  journal={Physical Review B},
  volume={81},
  number={5},
  pages={054103},
  year={2010},
  publisher={APS}
}

@article{zhang2009thermal,
  title={Thermal decomposition of hydrazines from reactive dynamics using the ReaxFF reactive force field},
  author={Zhang, Luzheng and Duin, Adri CT van and Zybin, Sergey V and Goddard, William A},
  journal={The Journal of Physical Chemistry B},
  volume={113},
  number={31},
  pages={10770--10778},
  year={2009},
  publisher={ACS Publications}
}

@article{kamat2010molecular,
  title={Molecular dynamics simulations of laser-induced incandescence of soot using an extended ReaxFF reactive force field},
  author={Kamat, Amar M and van Duin, Adri CT and Yakovlev, Alexei},
  journal={The Journal of Physical Chemistry A},
  volume={114},
  number={48},
  pages={12561--12572},
  year={2010},
  publisher={ACS Publications}
}

@article{vashisth2018accelerated,
  title={Accelerated ReaxFF simulations for describing the reactive cross-linking of polymers},
  author={Vashisth, Aniruddh and Ashraf, Chowdhury and Zhang, Weiwei and Bakis, Charles E and Van Duin, Adri CT},
  journal={The Journal of Physical Chemistry A},
  volume={122},
  number={32},
  pages={6633--6642},
  year={2018},
  publisher={ACS Publications}
}

@article{wood2014coupled,
  title={Coupled thermal and electromagnetic induced decomposition in the molecular explosive $\alpha$HMX; a reactive molecular dynamics study},
  author={Wood, Mitchell A and Van Duin, Adri CT and Strachan, Alejandro},
  journal={The Journal of Physical Chemistry A},
  volume={118},
  number={5},
  pages={885--895},
  year={2014},
  publisher={ACS Publications}
}


@article{dodda2017ligpargen,
  title={LigParGen web server: an automatic OPLS-AA parameter generator for organic ligands},
  author={Dodda, Leela S and Cabeza de Vaca, Israel and Tirado-Rives, Julian and Jorgensen, William L},
  journal={Nucleic acids research},
  volume={45},
  number={W1},
  pages={W331--W336},
  year={2017},
  publisher={Oxford University Press}
}

@article{dauber1988structure,
  title={Structure and energetics of ligand binding to proteins: Escherichia coli dihydrofolate reductase-trimethoprim, a drug-receptor system},
  author={Dauber-Osguthorpe, Pnina and Roberts, Victoria A and Osguthorpe, David J and Wolff, Jon and Genest, Moniqe and Hagler, Arnold T},
  journal={Proteins: Structure, Function, and Bioinformatics},
  volume={4},
  number={1},
  pages={31--47},
  year={1988},
  publisher={Wiley Online Library}
}



@misc{MaterialStudio,
  author = {BIOVIA},
  title = {BIOVIA Material Studio},
  year = {2020},
  note = {Last accessed 16 February 2021},
  url = {http://www.3ds.com/products-services/biovia/products/molecular-modeling-simulation/biovia-materials-studio}
}

@article{grujicic2013molecular,
  title={Molecular-level computational investigation of mechanical transverse behavior of p-phenylene terephthalamide (PPTA) fibers},
  author={Grujicic, Mica and Ramaswami, Subrahmanian and Snipes, Jennifer and Yavari, Ramin and Lickfield, Gary and Yen, Chian-Fong and Cheeseman, Bryan},
  journal={Multidiscipline Modeling in Materials and Structures},
  year={2013},
  volume={9},
  number={4},
  pages={462--498},
  publisher={Emerald Group Publishing Limited}
}

@article{lim2011effects,
  title={Effects of gage length, loading rates, and damage on the strength of PPTA fibers},
  author={Lim, Jaeyoung and Zheng, James Q and Masters, Karl and Chen, Weinong W},
  journal={International Journal of Impact Engineering},
  volume={38},
  number={4},
  pages={219--227},
  year={2011},
  publisher={Elsevier}
}

@article{wu2014tensile,
  title={Tensile strength of I$\beta$ crystalline cellulose predicted by molecular dynamics simulation},
  author={Wu, Xiawa and Moon, Robert J and Martini, Ashlie},
  journal={Cellulose},
  volume={21},
  number={4},
  pages={2233--2245},
  year={2014},
  publisher={Springer}
}

@article{dobb1977supramolecular,
  title={Supramolecular structure of a high-modulus polyaromatic fiber (Kevlar 49)},
  author={Dobb, MG and Johnson, DJ and Saville, BP},
  journal={Journal of Polymer Science: Polymer Physics Edition},
  volume={15},
  number={12},
  pages={2201--2211},
  year={1977},
  publisher={Wiley Online Library}
}

@article{sockalingam2017recent,
  title={Recent advances in modeling and experiments of Kevlar ballistic fibrils, fibers, yarns and flexible woven textile fabrics--a review},
  author={Sockalingam, Subramani and Chowdhury, Sanjib C and Gillespie Jr, John W and Keefe, Michael},
  journal={Textile Research Journal},
  volume={87},
  number={8},
  pages={984--1010},
  year={2017},
  publisher={SAGE Publications Sage UK: London, England}
}

@article{kim2008modified,
  title={The modified-single fiber test: A methodology for monitoring ballistic performance},
  author={Kim, J and McDonough, Walter G and Blair, W and Holmes, Gale A},
  journal={Journal of applied polymer science},
  volume={108},
  number={2},
  pages={876--886},
  year={2008},
  publisher={Wiley Online Library}
}

@article{krishnan2010numerical,
  title={Numerical simulation of ceramic composite armor subjected to ballistic impact},
  author={Krishnan, K and Sockalingam, S and Bansal, S and Rajan, SD},
  journal={Composites Part B: Engineering},
  volume={41},
  number={8},
  pages={583--593},
  year={2010},
  publisher={Elsevier}
}

@article{northolt1973crystal,
  title={On the crystal and molecular structure of poly-(p-phenylene terephthalamide)},
  author={Northolt, MG and Van Aartsen, JJ},
  journal={Journal of Polymer Science: Polymer Letters Edition},
  volume={11},
  number={5},
  pages={333--337},
  year={1973},
  publisher={Wiley Online Library}
}



@article{tashiro1977elastic,
  title={Elastic moduli and molecular structures of several crystalline polymers, including aromatic polyamides},
  author={Tashiro, Kohji and Kobayashi, Masamichi and Tadokoro, Hiroyuki},
  journal={Macromolecules},
  volume={10},
  number={2},
  pages={413--420},
  year={1977},
  publisher={ACS Publications}
}

@book{yang1993kevlar,
  title={Kevlar aramid fiber},
  author={Yang, HH},
  year={1993},
  publisher={Wiley}
}

@article{shim2001dynamic,
  title={Dynamic mechanical properties of fabric armour},
  author={Shim, VPW and Lim, CT and Foo, KJ},
  journal={International Journal of Impact Engineering},
  volume={25},
  number={1},
  pages={1--15},
  year={2001},
  publisher={Elsevier}
}

@article{zhu2011dynamic,
  title={Dynamic tensile testing of Kevlar 49 fabrics},
  author={Zhu, Deju and Mobasher, Barzin and Rajan, Subramaniam D},
  journal={Journal of materials in civil engineering},
  volume={23},
  number={3},
  pages={230--239},
  year={2011},
  publisher={American Society of Civil Engineers}
}

@article{kim2014statistical,
  title={Statistical analysis of PPTA fiber strengths measured under high strain rate condition},
  author={Kim, Jae Hyun and Heckert, N Alan and Leigh, Stefan D and Rhorer, Richard L and Kobayashi, Haruki and McDonough, Walter G and Rice, Kirk D and Holmes, Gale A},
  journal={Composites science and technology},
  volume={98},
  pages={93--99},
  year={2014},
  publisher={Elsevier}
}

@article{cheng2005mechanical,
  title={Mechanical properties of Kevlar{\textregistered} KM2 single fiber},
  author={Cheng, Ming and Chen, Weinong and Weerasooriya, Tusit},
  journal={J. Eng. Mater. Technol.},
  volume={127},
  number={2},
  pages={197--203},
  year={2005}
}

@article{grujicic2011filament,
  title={Filament-level modeling of aramid-based high-performance structural materials},
  author={Grujicic, M and Bell, WC and Glomski, PS and Pandurangan, B and Yen, C-F and Cheeseman, BA},
  journal={Journal of materials engineering and performance},
  volume={20},
  number={8},
  pages={1401--1413},
  year={2011},
  publisher={Springer}
}

@article{grujicic2011multi,
  title={Multi-length scale computational derivation of Kevlar{\textregistered} yarn-level material model},
  author={Grujicic, M and Glomski, PS and Pandurangan, B and Bell, WC and Yen, CF and Cheeseman, BA},
  journal={Journal of materials science},
  volume={46},
  number={14},
  pages={4787--4802},
  year={2011},
  publisher={Springer}
}


@article{sun1998compass,
  title={COMPASS: an ab initio force-field optimized for condensed-phase applications overview with details on alkane and benzene compounds},
  author={Sun, Huai},
  journal={The Journal of Physical Chemistry B},
  volume={102},
  number={38},
  pages={7338--7364},
  year={1998},
  publisher={ACS Publications}
}

@inproceedings{thomas2012multiscale,
  title={Multiscale modeling of high-strength fibers and fabrics},
  author={Thomas, John A and Shanaman, Matthew T and Lomicka, Christian L and Boyle, Mike P and Calderon-Colon, Xiomara and LaBarre, Erin D and Tiffany, Jason E and Trexler, Morgan M},
  booktitle={Micro-and Nanotechnology Sensors, Systems, and Applications IV},
  volume={8373},
  pages={83731S},
  year={2012},
  organization={International Society for Optics and Photonics}
}

@incollection{lomicka2014improving,
  title={Improving ballistic fiber strength: insights from experiment and simulation},
  author={Lomicka, CW and Thomas, JA and LaBarre, ED and Trexler, MM and Merkle, AC},
  booktitle={Dynamic Behavior of Materials, Volume 1},
  pages={187--193},
  year={2014},
  publisher={Springer}
}

@book{hearle2008physical,
  title={Physical properties of textile fibres},
  author={Hearle, John WS and Morton, William Ernest},
  year={2008},
  city={Cambridge},
  publisher={Woodhead Publishing Limited: Cambridge}
}

@article{yilmaz2018investigating,
  title={Investigating structure property relations of poly (p-phenylene terephthalamide) fibers via reactive molecular dynamics simulations},
  author={Yilmaz, Dundar E and van Duin, Adri CT},
  journal={Polymer},
  volume={154},
  pages={172--181},
  year={2018},
  publisher={Elsevier}
}

@article{rutledge1991detailed,
  title={Detailed atomistic simulation of oriented pseudocrystalline polymers and application to a stiff-chain aramid},
  author={Rutledge, GC and Suter, UW},
  journal={Macromolecules},
  volume={24},
  number={8},
  pages={1921--1933},
  year={1991},
  publisher={ACS Publications}
}

@article{chowdhury2018molecular,
  title={A molecular dynamics study of the effects of hydrogen bonds on mechanical properties of Kevlar{\textregistered} crystal},
  author={Chowdhury, Sanjib C and Gillespie Jr, John W},
  journal={Computational Materials Science},
  volume={148},
  pages={286--300},
  year={2018},
  publisher={Elsevier}
}

@article{rappe1991charge,
  title={Charge equilibration for molecular dynamics simulations},
  author={Rappe, Anthony K and Goddard III, William A},
  journal={The Journal of Physical Chemistry},
  volume={95},
  number={8},
  pages={3358--3363},
  year={1991},
  publisher={ACS Publications}
}

@article{chenoweth2008reaxff,
  title={ReaxFF reactive force field for molecular dynamics simulations of hydrocarbon oxidation},
  author={Chenoweth, Kimberly and Van Duin, Adri CT and Goddard, William A},
  journal={The Journal of Physical Chemistry A},
  volume={112},
  number={5},
  pages={1040--1053},
  year={2008},
  publisher={ACS Publications}
}


@article{yilmaz2015modeling,
  title={Modeling failure mechanisms of poly (p-phenylene terephthalamide) fiber using reactive potentials},
  author={Y{\i}lmaz, D{\"u}ndar E},
  journal={Computational Materials Science},
  volume={109},
  pages={183--193},
  year={2015},
  publisher={Elsevier}
}



@article{budzien2009reactive,
  title={Reactive molecular dynamics simulations of shock through a single crystal of pentaerythritol tetranitrate},
  author={Budzien, Joanne and Thompson, Aidan P and Zybin, Sergey V},
  journal={The Journal of Physical Chemistry B},
  volume={113},
  number={40},
  pages={13142--13151},
  year={2009},
  publisher={ACS Publications}
}



@article{chowdhury2017molecular,
  title={Molecular dynamics modeling of the effect of axial and transverse compression on the residual tensile properties of ballistic fiber},
  author={Chowdhury, Sanjib C and Sockalingam, Subramani and Gillespie, John W},
  journal={Fibers},
  volume={5},
  number={1},
  pages={7},
  year={2017},
  publisher={Multidisciplinary Digital Publishing Institute}
}

@article{nimmanpipug2002factors,
  title={Factors governing the three-dimensional hydrogen bond network structure of poly (m-phenylene isophthalamide) and a series of its model compounds:(1) Systematic classification of structures analyzed by the X-ray diffraction method},
  author={Nimmanpipug, Piyarat and Tashiro, Kohji and Maeda, Yasuhiko and Rangsiman, Orapin},
  journal={The Journal of Physical Chemistry B},
  volume={106},
  number={27},
  pages={6842--6848},
  year={2002},
  publisher={ACS Publications}
}

@article{nimmanpipug2003factors,
  title={Factors governing the three-dimensional hydrogen-bond network structure of poly (m-phenylene isophthalamide) and a series of its model compounds. 3. Energy terms indispensable to the crystal structure prediction},
  author={Nimmanpipug, Piyarat and Tashiro, Kohji and Rangsiman, Orapin},
  journal={The Journal of Physical Chemistry B},
  volume={107},
  number={33},
  pages={8343--8350},
  year={2003},
  publisher={ACS Publications}
}

@article{liu2011reaxff,
  title={ReaxFF-lg: Correction of the ReaxFF reactive force field for London dispersion, with applications to the equations of state for energetic materials},
  author={Liu, Lianchi and Liu, Yi and Zybin, Sergey V and Sun, Huai and Goddard III, William A},
  journal={The Journal of Physical Chemistry A},
  volume={115},
  number={40},
  pages={11016--11022},
  year={2011},
  publisher={ACS Publications}
}


@article{van2001reaxff,
  title={ReaxFF: a reactive force field for hydrocarbons},
  author={Van Duin, Adri CT and Dasgupta, Siddharth and Lorant, Francois and Goddard, William A},
  journal={The Journal of Physical Chemistry A},
  volume={105},
  number={41},
  pages={9396--9409},
  year={2001},
  publisher={ACS Publications}
}

@article{rutledge1991calculation,
  title={Calculation of Mechanical Properties of Poly (p-phenylene terephthalamide) by Atomistic Modelling},
  author={Rutledge, GC and Suter, UW},
  journal={Polymer},
  volume={32},
  number={12},
  pages={2179--2189},
  year={1991},
  publisher={Elsevier}
}


@article{mayo1990dreiding,
  title={DREIDING: a generic force field for molecular simulations},
  author={Mayo, Stephen L and Olafson, Barry D and Goddard, William A},
  journal={Journal of Physical chemistry},
  volume={94},
  number={26},
  pages={8897--8909},
  year={1990},
  publisher={ACS Publications}
}

@article{greenwood1974compressive,
  title={Compressive behaviour of Kevlar 49 fibres and composites},
  author={Greenwood, JH and Rose, PG},
  journal={Journal of materials science},
  volume={9},
  number={11},
  pages={1809--1814},
  year={1974},
  publisher={Springer}
}

@article{dobb1981compressional,
  title={Compressional behaviour of Kevlar fibres},
  author={Dobb, MG and Johnson, DJ and Saville, BP},
  journal={Polymer},
  volume={22},
  number={7},
  pages={960--965},
  year={1981},
  publisher={Elsevier}
}

@article{singletary2000transverse,
  title={The transverse compression of PPTA fibers Part I Single fiber transverse compression testing},
  author={Singletary, J and Davis, H and Ramasubramanian, MK and Knoff, W and Toney, M},
  journal={Journal of Materials Science},
  volume={35},
  number={3},
  pages={573--581},
  year={2000},
  publisher={Springer}
}

@article{stukowski2009visualization,
  title={Visualization and analysis of atomistic simulation data with OVITO--the Open Visualization Tool},
  author={Stukowski, Alexander},
  journal={Modelling and Simulation in Materials Science and Engineering},
  volume={18},
  number={1},
  pages={015012},
  year={2009},
  publisher={IOP Publishing}
}

@article{rao2001structure,
  title={Structure--property relation in poly (p-phenylene terephthalamide)(PPTA) fibers},
  author={Rao, Y and Waddon, AJ and Farris, RJ},
  journal={Polymer},
  volume={42},
  number={13},
  pages={5937--5946},
  year={2001},
  publisher={Elsevier}
}

@article{prevorsek1994analysis,
  title={Analysis of the temperature rise in the projectile and extended chain polyethylene fiber composite armor during ballistic impact and penetration},
  author={Prevorsek, Dusan C and Kwon, Young D and Chin, Hong B},
  journal={Polymer Engineering \& Science},
  volume={34},
  number={2},
  pages={141--152},
  year={1994},
  publisher={Wiley Online Library}
}


@article{rao2001evolution,
  title={The evolution of structure and properties in poly (p-phenylene terephthalamide) fibers},
  author={Rao, Y and Waddon, AJ and Farris, RJ},
  journal={Polymer},
  volume={42},
  number={13},
  pages={5925--5935},
  year={2001},
  publisher={Elsevier}
}


@article{cheng2004experimental,
  title={Experimental investigation of the transverse mechanical properties of a single Kevlar{\textregistered} KM2 fiber},
  author={Cheng, Ming and Chen, Weinong and Weerasooriya, Tusit},
  journal={International Journal of Solids and Structures},
  volume={41},
  number={22-23},
  pages={6215--6232},
  year={2004},
  publisher={Elsevier}
}

@article{azpitarte2017suppressing,
  title={Suppressing the thermal and ultraviolet sensitivity of Kevlar by infiltration and hybridization with ZnO},
  author={Azpitarte, Itxasne and Zuzuarregui, Ana and Ablat, Hayrensa and Ruiz-Rubio, Leire and López-Ortega, Alberto and Elliott, Simon D and Knez, Mato},
  journal={Chemistry of Materials},
  volume={29},
  number={23},
  pages={10068--10074},
  year={2017},
  publisher={ACS Publications}
}

@article{ceravolo2018measurement,
  title={Measurement of weak non-linear response of Kevlar{\textregistered} fibre damaged by UV exposure},
  author={Ceravolo, Rosario and De Marchi, Andrea and Pinotti, Elena and Surace, Cecilia and Fragonara, Luca Zanotti},
  journal={Composite Structures},
  volume={184},
  pages={807--813},
  year={2018},
  publisher={Elsevier}
}

@inproceedings{sakurada1970relation,
  title={Relation between the polymer conformation and the elastic modulus of the crystalline region of polymer},
  author={Sakurada, Ichiro and Kaji, Keisuke},
  booktitle={Journal of Polymer Science Part C: Polymer Symposia},
  volume={31},
  number={1},
  pages={57--76},
  year={1970},
  organization={Wiley Online Library}
}

@article{tashiro1991theoretical,
  title={Theoretical evaluation of three-dimensional elastic constants of native and regenerated celluloses: role of hydrogen bonds},
  author={Tashiro, Kohji and Kobayashi, Masamichi},
  journal={Polymer},
  volume={32},
  number={8},
  pages={1516--1526},
  year={1991},
  publisher={Elsevier}
}

@article{tashiro1978calculation,
  title={Calculation of three-dimensional elastic constants of polymer crystals. 2. Application to orthorhombic polyethylene and poly (vinyl alcohol)},
  author={Tashiro, Kohji and Kobayashi, Masamichi and Tadokoro, Hiroyuki},
  journal={Macromolecules},
  volume={11},
  number={5},
  pages={914--918},
  year={1978},
  publisher={ACS Publications}
}

@article{tasaki2014microscopically,
  title={Microscopically-viewed relationship between the chain conformation and ultimate Young's modulus of a series of arylate polyesters with long methylene segments},
  author={Tasaki, Masafumi and Yamamoto, Hiroko and Yoshioka, Taiyo and Hanesaka, Makoto and Ninh, Tran Hai and Tashiro, Kohji and Jeon, Hye Jin and Choi, Kwang Bok and Jeong, Hak Seung and Song, Hyun Hoon and others},
  journal={Polymer},
  volume={55},
  number={7},
  pages={1799--1808},
  year={2014},
  publisher={Elsevier}
}

@article{li2002nylon,
  title={Nylon 6 crystal structures, folds, and lamellae from theory},
  author={Li, Youyong and Goddard, William A},
  journal={Macromolecules},
  volume={35},
  number={22},
  pages={8440--8455},
  year={2002},
  publisher={ACS Publications}
}

@article{murthy1991metastable,
  title={Metastable crystalline phases in nylon 6},
  author={Murthy, NS},
  journal={Polym Commun},
  volume={32},
  number={10},
  pages={301--305},
  year={1991}
}

@article{hansen2013solid,
  title={Solid-state NMR in macromolecular systems: insights on how molecular entities move},
  author={Hansen, Michael Ryan and Graf, Robert and Spiess, Hans Wolfgang},
  journal={Accounts of chemical research},
  volume={46},
  number={9},
  pages={1996--2007},
  year={2013},
  publisher={ACS Publications}
}

@article{stanley1960crystal,
  title={Crystal structure of d, l-poly (propylene oxide)},
  author={Stanley, E and Litt, M},
  journal={Journal of Polymer Science},
  volume={43},
  number={142},
  pages={453--458},
  year={1960},
  publisher={Wiley Online Library}
}

@article{eichhorn2006modelling,
  title={Modelling the crystalline deformation of native and regenerated cellulose},
  author={Eichhorn, SJ and Davies, GR},
  journal={Cellulose},
  volume={13},
  number={3},
  pages={291--307},
  year={2006},
  publisher={Springer}
}

@article{wu2013crystalline,
  title={Crystalline cellulose elastic modulus predicted by atomistic models of uniform deformation and nanoscale indentation},
  author={Wu, Xiawa and Moon, Robert J and Martini, Ashlie},
  journal={Cellulose},
  volume={20},
  number={1},
  pages={43--55},
  year={2013},
  publisher={Springer}
}

@article{zhu2015anomalous,
  title={Anomalous scaling law of strength and toughness of cellulose nanopaper},
  author={Zhu, Hongli and Zhu, Shuze and Jia, Zheng and Parvinian, Sepideh and Li, Yuanyuan and Vaaland, Oeyvind and Hu, Liangbing and Li, Teng},
  journal={Proceedings of the National Academy of Sciences},
  volume={112},
  number={29},
  pages={8971--8976},
  year={2015},
  publisher={National Acad Sciences}
}

@techreport{cline2018assessment,
  title={Assessment of the Tensile properties for single fibers},
  author={Cline, Julia and Wu, Vincent and Moy, Paul},
  year={2018},
  institution={US Army Research Laboratory Aberdeen Proving Ground United States}
}


@misc{EVOCDWebsite,
  author = {Mark A. Tschopp},
  title = {Uniaxial Tension},
  year = {2020},
  note = {Last accessed 19 February 2021},
  url = {https://icme.hpc.msstate.edu/mediawiki/index.php/Uniaxial_Tension.html}
}

@article{hoover1985canonical,
  title={Canonical dynamics: Equilibrium phase-space distributions},
  author={Hoover, William G},
  journal={Physical review A},
  volume={31},
  number={3},
  pages={1695},
  year={1985},
  publisher={APS}
}

@article{hoover1986constant,
  title={Constant-pressure equations of motion},
  author={Hoover, William G},
  journal={Physical Review A},
  volume={34},
  number={3},
  pages={2499},
  year={1986},
  publisher={APS}
}

@article{mercer2017A,
  title={A molecular dynamics-based analysis of the influence of strain-rate and temperature on the mechanical strength of PPTA crystallites},
  author={Mercer, Brian and Zywicz, Edward and Papadopoulos, Panayiotis},
  journal={Polymer},
  volume={129},
  pages={92--104},
  year={2017},
  publisher={Elsevier}
}

@online{LammpsTriclinic,
    author = "Sandia Corporation",
    title = "Triclinic (non-orthogonal) simulation boxes
",
    url  = "https://lammps.sandia.gov/doc/Howto_triclinic.html",
    addendum = "(accessed: 02.19.2021)",
    keywords = "latex,LammpsTriclinic
"
}

@article{rutledge1991analysis,
  title={Analysis of structure of polymorphism in poly (p-phenyleneterephthalamide) through correlation of simulation and experiment},
  author={Rutledge, GC and Suter, UW and Papaspyrides, CD},
  journal={Macromolecules},
  volume={24},
  number={8},
  pages={1934--1943},
  year={1991},
  publisher={ACS Publications}
}

@article{feng2019effect,
  title={Effect of Aliphatic Diacid Chain Length on Properties of Semiaromatic Copolyamides Based on PA10T and Their Theoretical Study},
  author={Feng, Wutong and Zou, Guangji and Ding, Yue and Ai, Tianhao and Wang, Pingli and Ren, Zhonglai and Ji, Junhui},
  journal={Industrial \& Engineering Chemistry Research},
  volume={58},
  number={17},
  pages={7217--7226},
  year={2019},
  publisher={ACS Publications}
}

@article{ramani2018positronium,
  title={Positronium probes free volume to identify para-and meta-aramid fibers and correlation with mechanical strength},
  author={Ramani, R and Kotresh, TM and Shekar, R Indu and Sanal, F and Singh, UK and Renjith, R and Amarendra, G},
  journal={Polymer},
  volume={135},
  pages={39--49},
  year={2018},
  publisher={Elsevier}
}

@article{sun1994ab,
  title={An ab initio CFF93 all-atom force field for polycarbonates},
  author={Sun, Huai and Mumby, Stephen J and Maple, Jon R and Hagler, Arnold T},
  journal={Journal of the American Chemical Society},
  volume={116},
  number={7},
  pages={2978--2987},
  year={1994},
  publisher={ACS Publications}
}

@article{senftle2016reaxff,
  title={The ReaxFF reactive force-field: development, applications and future directions},
  author={Senftle, Thomas P and Hong, Sungwook and Islam, Md Mahbubul and Kylasa, Sudhir B and Zheng, Yuanxia and Shin, Yun Kyung and Junkermeier, Chad and Engel-Herbert, Roman and Janik, Michael J and Aktulga, Hasan Metin and others},
  journal={npj Computational Materials},
  volume={2},
  number={1},
  pages={1--14},
  year={2016},
  publisher={Nature Publishing Group}
}

@article{van2003reaxffsio,
  title={ReaxFFSiO reactive force field for silicon and silicon oxide systems},
  author={Van Duin, Adri CT and Strachan, Alejandro and Stewman, Shannon and Zhang, Qingsong and Xu, Xin and Goddard, William A},
  journal={The Journal of Physical Chemistry A},
  volume={107},
  number={19},
  pages={3803--3811},
  year={2003},
  publisher={ACS Publications}
}

@article{vlattas1994deformation,
  title={Deformation behaviour of liquid crystal polymer fibres: 1. Converting spectroscopic data into mechanical stress-strain curves in tension and compression},
  author={Vlattas, C and Galiotis, C},
  journal={Polymer},
  volume={35},
  number={11},
  pages={2335--2347},
  year={1994},
  publisher={Elsevier}
}

@article{wang1999experimental,
  title={Experimental and theoretical study on the strain rate and temperature dependence of mechanical behaviour of Kevlar fibre},
  author={Wang, YXYM and Xia, YM},
  journal={Composites Part A: Applied Science and Manufacturing},
  volume={30},
  number={11},
  pages={1251--1257},
  year={1999},
  publisher={Elsevier}
}

@article{wang2020precise,
  title={Precise tracking and modulating aggregation structures of conjugated copolymers in solutions},
  author={Wang, Zi-Yuan and Yao, Ze-Fan and Lu, Yang and Ding, Li and Yu, Zi-Di and You, Hao-Yang and Wang, Xin-Yi and Zhou, Yang-Yang and Zou, Lin and Wang, Jie-Yu and others},
  journal={Polymer Chemistry},
  volume={11},
  number={22},
  pages={3716--3722},
  year={2020},
  publisher={Royal Society of Chemistry}
}

@article{niu2003self,
  title={Self-assembly of d 10 metal adduct polymers bridged by bipyridyl-based ligands},
  author={Niu, Yunyin and Hou, Hongwei and Zhu, Yu},
  journal={Journal of Cluster Science},
  volume={14},
  number={4},
  pages={483--493},
  year={2003},
  publisher={Springer}
}

@article{jin2009ag,
  title={Ag (I) coordination polymers with flexible bis-imidazole ligands: 2D interwoven structure and wavy layer network based on silver--silver interactions},
  author={Jin, Chuan-Ming and Chen, Zhan-Fen and Mei, Hong-Fei and Shi, Xi-Kui},
  journal={Journal of Molecular Structure},
  volume={921},
  number={1-3},
  pages={58--62},
  year={2009},
  publisher={Elsevier}
}

@article{hollars2003controlled,
  title={Controlled non-classical photon emission from single conjugated polymer molecules},
  author={Hollars, Christopher W and Lane, Stephen M and Huser, Thomas},
  journal={Chemical physics letters},
  volume={370},
  number={3-4},
  pages={393--398},
  year={2003},
  publisher={Elsevier}
}

@article{prime1969extended,
  title={Extended-chain crystals. V. Thermal analysis and electron microscopy of the melting process in polyethylene},
  author={Prime, R Bruce and Wunderlich, Bernhard and Melillo, Louis},
  journal={Journal of Polymer Science Part A-2: Polymer Physics},
  volume={7},
  number={12},
  pages={2091--2097},
  year={1969},
  publisher={Wiley Online Library}
}

@article{wu2000synthesis,
  title={Synthesis and characterization of PAn/clay nanocomposite with extended chain conformation of polyaniline},
  author={Wu, Qiuju and Xue, Zhijian and Qi, Zongneng and Wang, Fong},
  journal={Polymer},
  volume={41},
  number={6},
  pages={2029--2032},
  year={2000},
  publisher={Elsevier}
}

@article{morgan1977synthesis,
  title={Synthesis and properties of aromatic and extended chain polyamides},
  author={Morgan, PW},
  journal={Macromolecules},
  volume={10},
  number={6},
  pages={1381--1390},
  year={1977},
  publisher={ACS Publications}
}

@article{miyake2000molecular,
  title={Molecular weight dependence of tensile properties in poly (vinyl alcohol) fibers},
  author={Miyake, Hajime and Gotoh, Yasuo and Ohkoshi, Yutaka and Nagura, Masanobu},
  journal={Polymer journal},
  volume={32},
  number={12},
  pages={1049--1051},
  year={2000},
  publisher={Nature Publishing Group}
}


@article{nishino1995elastic,
  title={Elastic modulus of the crystalline regions of cellulose polymorphs},
  author={Nishino, Takashi and Takano, Kiyofumi and Nakamae, Katsuhiko},
  journal={Journal of Polymer Science Part B: Polymer Physics},
  volume={33},
  number={11},
  pages={1647--1651},
  year={1995},
  publisher={Wiley Online Library}
}

@article{ullner2002orientational,
  title={Orientational correlation function and persistence lengths of flexible polyelectrolytes},
  author={Ullner, Magnus and Woodward, Clifford E},
  journal={Macromolecules},
  volume={35},
  number={4},
  pages={1437--1445},
  year={2002},
  publisher={ACS Publications}
}

@article{lotz2021original,
  title={Original Crystal Structures of Even--Even Polyamides Made of Pleated and Rippled Sheets},
  author={Lotz, Bernard},
  journal={Macromolecules},
  volume={54},
  number={2},
  pages={551--564},
  year={2021},
  publisher={ACS Publications}
}

@article{young1992relationship,
  title={Relationship between structure and mechanical properties for aramid fibres},
  author={Young, RJ and Lu, D and Day, RJ and Knoff, WF and Davis, HA},
  journal={Journal of materials science},
  volume={27},
  number={20},
  pages={5431--5440},
  year={1992},
  publisher={Springer}
}

@phdthesis{mercer2016molecular,
  title={Molecular Dynamics Modeling of PPTA Crystals in Aramid Fibers},
  author={Mercer, Brian Scott},
  year={2016},
  school={UC Berkeley}
}

@article{wang1998effects,
  title={The effects of strain rate on the mechanical behaviour of kevlar fibre bundles: an experimental and theoretical study},
  author={Wang, Yang and Xia, Yuanming},
  journal={Composites Part A: Applied Science and Manufacturing},
  volume={29},
  number={11},
  pages={1411--1415},
  year={1998},
  publisher={Elsevier}
}

@article{dri2015evaluation,
  title={Evaluation of reactive force fields for prediction of the thermo-mechanical properties of cellulose I$\beta$},
  author={Dri, Fernando L and Wu, Xiawa and Moon, Robert J and Martini, Ashlie and Zavattieri, Pablo D},
  journal={Computational Materials Science},
  volume={109},
  pages={330--340},
  year={2015},
  publisher={Elsevier}
}

@article{yu2012molecular,
  title={Molecular dynamics simulation of the mechanical properties of single-crystal bulk Mg 2 Si},
  author={Yu, Rui and Zhai, Pengcheng and Li, Guodong and Liu, Lisheng},
  journal={Journal of electronic materials},
  volume={41},
  number={6},
  pages={1465--1469},
  year={2012},
  publisher={Springer}
}

@article{yang2007effective,
  title={Effective elastic modulus and atomic stress concentration of single crystal nano-plate with void},
  author={Yang, Xinhua and Zhou, Tao and Chen, Chuanyao},
  journal={Computational materials science},
  volume={40},
  number={1},
  pages={51--56},
  year={2007},
  publisher={Elsevier}
}

@article{yang2021molecular,
  title={Molecular Dynamics Simulation of the Stress--Strain Behavior of Polyamide Crystals},
  author={Yang, Quanpeng and Li, Wenjun and Stober, Spencer T and Burns, Adam B and Gopinadhan, Manesh and Martini, Ashlie},
  journal={Macromolecules},
  volume={54},
  number={18},
  pages={8289--8302},
  year={2021},
  publisher={ACS Publications}
}


@article{mark1962aromatic,
  title={Aromatic polyamide},
  author={Mark, HF and Atlas, SM and Ogata, N},
  journal={Journal of Polymer Science},
  volume={61},
  number={172},
  pages={S49--S53},
  year={1962},
  publisher={Wiley Online Library}
}

@article{knijnenberg2010synthesis,
  title={The synthesis and characterisation of reactive poly (p-phenylene terephthalamide) s: a route towards compression stable aramid fibres},
  author={Knijnenberg, Alwin and Bos, Johan and Dingemans, Theo J},
  journal={Polymer},
  volume={51},
  number={9},
  pages={1887--1897},
  year={2010},
  publisher={Elsevier}
}

@article{brauckmann2016structural,
  title={Structural studies of polyaramid fibers: Solid-state NMR and first-principles modeling},
  author={Brauckmann, J Ole and Zolfaghari, Pegah and Verhoef, René and Klop, Enno A and de Wijs, Gilles A and Kentgens, Arno PM},
  journal={Macromolecules},
  volume={49},
  number={15},
  pages={5548--5560},
  year={2016},
  publisher={ACS Publications}
}

@inproceedings{northolt1977chain,
  title={Chain orientation distribution and elastic properties of poly (p-phenylene terephthalamide), a “rigid rod” polymer},
  author={Northolt, MG and Van Aartsen, JJ},
  booktitle={Journal of Polymer Science: Polymer Symposia},
  volume={58},
  number={1},
  pages={283--296},
  year={1977},
  organization={Wiley Online Library}
}

@book{chen2016advanced,
  title={Advanced fibrous composite materials for ballistic protection},
  author={Chen, Xiaogang},
  year={2016},
  publisher={Woodhead Publishing}
}

@article{dobb1979microvoids,
  title={Microvoids in aramid-type fibrous polymers},
  author={Dobb, MG and Johnson, DJ and Majeed, A and Saville, BP},
  journal={Polymer},
  volume={20},
  number={10},
  pages={1284--1288},
  year={1979},
  publisher={Elsevier}
}

@article{hogg2006composites,
  title={Composites in armor},
  author={Hogg, Paul J},
  journal={Science},
  volume={314},
  number={5802},
  pages={1100--1101},
  year={2006},
  publisher={American Association for the Advancement of Science}
}

@article{khademinejad2016poly,
  title={Poly (ether ether sulfone amide) s as a new category of processable heat-resistant polymers},
  author={Khademinejad, Saeed and Mehdipour-Ataei, Shahram and Ziaee, Farshid and Abbasi, Farideh},
  journal={Designed Monomers and Polymers},
  volume={19},
  number={6},
  pages={553--559},
  year={2016},
  publisher={Taylor \& Francis}
}

@article{liou2007synthesis,
  title={Synthesis and properties of noncoplanar rigid-rod aromatic polyamides containing phenyl or naphthyl substituents},
  author={Liou, Guey-Sheng and Fang, Yi-Kai and Yen, Hung-Ju},
  journal={Journal of Polymer Research},
  volume={14},
  number={2},
  pages={147--155},
  year={2007},
  publisher={Springer}
}

@article{amininasab2016preparation,
  title={Preparation and characterization of novel thermostable polyamides bearing different photoactive pendent architectures with antibacterial properties},
  author={Amininasab, Seyed Mojtaba and Rashidi, Azad and Taghavi, Mehdi and Shami, Zahed},
  journal={Chinese Journal of Polymer Science},
  volume={34},
  number={6},
  pages={766--776},
  year={2016},
  publisher={Springer}
}

@article{hajibeygi2016new,
  title={New heat resistant nanocomposites reinforced silicate nanolayers containing triazine rings based on polyamide: synthesis, characterization, and flame retardancy study},
  author={Hajibeygi, Mohsen and Shabanian, Meisam and Khodaei-Tehrani, Majid},
  journal={Polymer Composites},
  volume={37},
  number={1},
  pages={188--198},
  year={2016},
  publisher={Wiley Online Library}
}

@article{zou2016synthesis,
  title={Synthesis and properties of novel soluble aromatic polyamides containing 4-aryl-2, 6-diphenylpyridine moieties and pendant fluorinated phenoxy groups},
  author={Zou, Feihua and Wen, Huan and Yan, Tao and Cai, Mingzhong},
  journal={Journal of Polymer Research},
  volume={23},
  number={11},
  pages={1--10},
  year={2016},
  publisher={Springer}
}

@article{zhang2016effects,
  title={Effects of a trans-or cis-cyclohexane unit on the thermal and rheological properties of semi-aromatic polyamides},
  author={Zhang, Gang and Yan, Guang-Ming and Ren, Hao-Hao and Li, Yan and Wang, Xiao-Jun and Yang, Jie},
  journal={Polymer Chemistry},
  volume={7},
  number={1},
  pages={44--53},
  year={2016},
  publisher={Royal Society of Chemistry}
}

@incollection{crouch2017fibres,
  title={Fibres, textiles and protective apparel},
  author={Crouch, IG and Arnold, L and Pierlot, A and Billon, H},
  booktitle={The science of armour materials},
  pages={269--330},
  year={2017},
  publisher={Elsevier}
}

@article{brown1977thermal,
  title={Thermal analysis of Nomex{\textregistered} and Kevlar{\textregistered} fibers},
  author={Brown, JR and Ennis, BC},
  journal={Textile Research Journal},
  volume={47},
  number={1},
  pages={62--66},
  year={1977},
  publisher={SAGE Publications Sage UK: London, England}
}

@article{damaceanu2011organosoluble,
  title={Organosoluble asymmetric aromatic polyamides bearing pendent phenoxy groups},
  author={Damaceanu, Mariana-Dana and Rusu, Radu-Dan and Nicolescu, Alina and Bruma, Maria and Rusanov, Alexander L},
  journal={Polymer international},
  volume={60},
  number={8},
  pages={1248--1258},
  year={2011},
  publisher={Wiley Online Library}
}


@article{debeaupte1992situ,
  title={In situ polycondensation for synthesis of composites of elastomeric matrixes and wholly aromatic polyamides},
  author={Debeaupte, Emmanuel and Watanabe, Masayoshi and Sanui, Kohei and Ogata, Naoya},
  journal={Chemistry of materials},
  volume={4},
  number={5},
  pages={1123--1128},
  year={1992},
  publisher={ACS Publications}
}

@article{ferreiro2005polyisophthalamides,
  title={Polyisophthalamides with heteroaromatic pendent rings: synthesis, physical properties, and water uptake},
  author={Ferreiro, Juan J and de La Campa, Jose G and Lozano, Angel E and de Abajo, Javier},
  journal={Journal of Polymer Science Part A: Polymer Chemistry},
  volume={43},
  number={21},
  pages={5300--5311},
  year={2005},
  publisher={Wiley Online Library}
}

@article{ferrero2002synthesis,
  title={Synthesis and characterization of aromatic polyamides containing alkylphthalimido pendent groups},
  author={Ferrero, E and Espeso, JF and De la Campa, JG and De Abajo, J and Lozano, AE},
  journal={Journal of Polymer Science Part A: Polymer Chemistry},
  volume={40},
  number={21},
  pages={3711--3724},
  year={2002},
  publisher={Wiley Online Library}
}

@article{zhou2017synthesis,
  title={Synthesis and characterization of new aramids based on o-(m-triphenyl)-terephthaloyl chloride and m-(m-triphenyl)-isophthaloyl chloride},
  author={Zhou, Sheng and Zhang, Mengyao and Wang, Rong and Ping, Jing and Zhang, Xiaoli and Zhao, Ning and Xu, Jian and Shen, Zhihao and Fan, Xinghe},
  journal={Polymer},
  volume={109},
  pages={49--57},
  year={2017},
  publisher={Elsevier}
}

@article{peng2018novel,
  title={A novel synthetic strategy for preparing semi-aromatic components modified polyamide 6 polymer},
  author={Peng, Shumin and Peng, Lu and Yi, Chunwang and Zhang, Wei and Wang, Xi},
  journal={Journal of Polymer Science Part A: Polymer Chemistry},
  volume={56},
  number={9},
  pages={959--967},
  year={2018},
  publisher={Wiley Online Library}
}

@article{bakkali2018synthesis,
  title={Synthesis of polyamide 6 with aramid units by combination of anionic ring-opening and condensation reactions},
  author={Bakkali-Hassani, Camille and Planes, Mika{\"e}l and Roos, Kevin and Wirotius, Anne-Laure and Ibarboure, Emmanuel and Carlotti, Stephane},
  journal={European Polymer Journal},
  volume={102},
  pages={231--237},
  year={2018},
  publisher={Elsevier}
}

@article{rwei2018synthesis,
  title={Synthesis and characterization of copolyamides derived from novel aliphatic bio-based diamine},
  author={Rwei, S-P and Ranganathan, P and Chiang, W-Y and Lee, Y-H},
  journal={Journal of Applied Polymer Science},
  volume={135},
  number={48},
  pages={46878},
  year={2018},
  publisher={Wiley Online Library}
}

@article{rwei2018synthesisof,
  title={Synthesis of low melting temperature aliphatic-aromatic copolyamides derived from novel bio-based semi aromatic monomer},
  author={Rwei, Syang-Peng and Ranganathan, Palraj and Chiang, Whe-Yi and Lee, Yi-Huan},
  journal={Polymers},
  volume={10},
  number={7},
  pages={793},
  year={2018},
  publisher={Multidisciplinary Digital Publishing Institute}
}

@article{tang2018controllable,
  title={Controllable crystallization behavior of nylon-6/66 copolymers based on regulating sequence distribution},
  author={Tang, Jie and Xu, Bowen and Xi, Zhenhao and Pan, Xun and Zhao, Ling},
  journal={Industrial \& Engineering Chemistry Research},
  volume={57},
  number={44},
  pages={15008--15019},
  year={2018},
  publisher={ACS Publications}
}

@article{chantawansri2015investigating,
  title={Investigating the glass transition temperature at the atom-level in select model polyamides: A molecular dynamics study},
  author={Chantawansri, Tanya L and Yeh, In-Chul and Hsieh, Alex J},
  journal={Polymer},
  volume={81},
  pages={50--61},
  year={2015},
  publisher={Elsevier}
}

@article{moe1995molecular,
  title={Molecular dynamics computer simulation of polyisoprene local dynamics in dilute toluene solution},
  author={Moe, Neil E and Ediger, MD},
  journal={Macromolecules},
  volume={28},
  number={7},
  pages={2329--2338},
  year={1995},
  publisher={ACS Publications}
}

@article{zhang2016mesodyn,
  title={MesoDyn simulation study of phase behavior for dye--polyether derivatives in aqueous solutions},
  author={Zhang, Bin and Liu, Rongzhan and Zhang, Jianbo and Liu, Baojiang and He, Jinxin},
  journal={Computational and Theoretical Chemistry},
  volume={1091},
  pages={8--17},
  year={2016},
  publisher={Elsevier}
}

@article{zhelavskyi2019atomistic,
  title={Atomistic molecular dynamics simulations of the LCST conformational transition in poly (N-vinylcaprolactam) in water},
  author={Zhelavskyi, Oleksii S and Kyrychenko, Alexander},
  journal={Journal of Molecular Graphics and Modelling},
  volume={90},
  pages={51--58},
  year={2019},
  publisher={Elsevier}
}

@article{garcia2010high,
  title={High-performance aromatic polyamides},
  author={Garc{\'\i}a, Jos{\'e} M and Garc{\'\i}a, F{\'e}lix C and Serna, Felipe and Jos{\'e}, LDLP},
  journal={Progress in polymer science},
  volume={35},
  number={5},
  pages={623--686},
  year={2010},
  publisher={Elsevier}
}


@article{huang2013solvent,
  title={Solvent Response and Protonation Effects of Novel Aramides Containing Pyridine and Unsymmetrical Carbazole Moieties},
  author={Huang, Ying-Chi and Wang, Kun-Li and Chang, Cheng-Hung and Liao, Yi-An and Liaw, Der-Jang and Lee, Kueir-Rarn and Lai, Juin-Yih},
  journal={Macromolecules},
  volume={46},
  number={18},
  pages={7443--7450},
  year={2013},
  publisher={ACS Publications}
}

@article{long2020tuning,
  title={Tuning the Pendent Groups of Semiaromatic Polyamides toward High Performance},
  author={Long, Jia-Wei and Chen, Li and Liu, Bo-Wen and Shi, Xiao-Hui and Lin, Xue-Bao and Li, Ying-Ming and Wang, Yu-Zhong},
  journal={Macromolecules},
  volume={53},
  number={9},
  pages={3504--3513},
  year={2020},
  publisher={ACS Publications}
}

@article{tonelli2020poly,
  title={Are poly (p-phenylene terephthalamide)(Kevlar{\textregistered}) and other liquid crystalline polymers conformationally rigid?},
  author={Tonelli, Alan E and Edwards, Jack F},
  journal={Polymer},
  volume={193},
  pages={122342},
  year={2020},
  publisher={Elsevier}
}



@article{burattini2011supramolecular,
  title={A supramolecular polymer based on tweezer-type $\pi$- $\pi$ stacking interactions: molecular design for healability and enhanced toughness},
  author={Burattini, Stefano and Greenland, Barnaby W and Hayes, Wayne and Mackay, Michael E and Rowan, Stuart J and Colquhoun, Howard M},
  journal={Chemistry of Materials},
  volume={23},
  number={1},
  pages={6--8},
  year={2011},
  publisher={ACS Publications}
}

@article{bisoi2017aromatic,
  title={Aromatic polyamides containing trityl substituted triphenylamine: Gas transport properties and molecular dynamics simulations},
  author={Bisoi, Soumendu and Mandal, Arun Kumar and Padmanabhan, Venkat and Banerjee, Susanta},
  journal={Journal of Membrane Science},
  volume={522},
  pages={77--90},
  year={2017},
  publisher={Elsevier}
}

@article{yang2008simultaneous,
  title={Simultaneous improvements in the cryogenic tensile strength, ductility and impact strength of epoxy resins by a hyperbranched polymer},
  author={Yang, Jiao-Ping and Chen, Zhen-Kun and Yang, Guo and Fu, Shao-Yun and Ye, Lin},
  journal={Polymer},
  volume={49},
  number={13-14},
  pages={3168--3175},
  year={2008},
  publisher={Elsevier}
}

@article{prisacariu2011influence,
  title={Influence of the type of chain extender and urethane group content on the mechanical properties of polyurethane elastomers with flexible hard segments},
  author={Prisacariu, Cristina and Scortanu, Elena},
  journal={High Performance Polymers},
  volume={23},
  number={4},
  pages={308--313},
  year={2011},
  publisher={SAGE Publications Sage UK: London, England}
}

@article{shen2017facile,
  title={Facile preparation of bio-based polyesters from furandicarboxylic acid and long chain diols via asymmetric monomer strategy},
  author={Shen, Yong and Yao, Binbin and Yu, Guang and Fu, Yao and Liu, Fusheng and Li, Zhibo},
  journal={Green Chemistry},
  volume={19},
  number={20},
  pages={4930--4938},
  year={2017},
  publisher={Royal Society of Chemistry}
}

@article{thalladi2000melting,
  title={The melting point alternation in $\alpha$, $\omega$-alkanedicarboxylic acids},
  author={Thalladi, Venkat R and N{\"u}sse, Markus and Boese, Roland},
  journal={Journal of the American Chemical Society},
  volume={122},
  number={38},
  pages={9227--9236},
  year={2000},
  publisher={ACS Publications}
}

@article{white2008room,
  title={Room temperature structures and odd--even behaviour of a homologous series of anhydrous lithium n-alkanoates},
  author={White, Nicole AS and Ellis, Henry A},
  journal={Journal of Molecular Structure},
  volume={888},
  number={1-3},
  pages={386--393},
  year={2008},
  publisher={Elsevier}
}

@article{bond2004crystal,
  title={On the crystal structures and melting point alternation of the n-alkyl carboxylic acids},
  author={Bond, Andrew D},
  journal={New journal of chemistry},
  volume={28},
  number={1},
  pages={104--114},
  year={2004},
  publisher={Royal Society of Chemistry}
}

@article{baeyer1877ueber,
  title={Ueber regelm{\"a}ssigkeiten im schmelzpunkt homologer verbindungen},
  author={Baeyer, Adolf},
  journal={Berichte der deutschen chemischen Gesellschaft},
  volume={10},
  number={2},
  pages={1286--1288},
  year={1877},
  publisher={Wiley Online Library}
}

@article{mishra2013odd,
  title={Odd--even effect in the elastic modulii of $\alpha$, $\omega$-alkanedicarboxylic acids},
  author={Mishra, Manish Kumar and Varughese, Sunil and Ramamurty, Upadrasta and Desiraju, Gautam R},
  journal={Journal of the American Chemical Society},
  volume={135},
  number={22},
  pages={8121--8124},
  year={2013},
  publisher={ACS Publications}
}